<record><leader>00000cas a22000007a 4500</leader><controlfield tag="001">14291085</controlfield><controlfield tag="008">861002d18961959txudr ne      0    0eng d</controlfield><datafield ind1=" " ind2=" " tag="010"><subfield code="a">sn 86089392 </subfield></datafield><datafield ind1=" " ind2=" " tag="040"><subfield code="a">PPM</subfield><subfield code="b">eng</subfield><subfield code="c">PPM</subfield><subfield code="d">OCLCQ</subfield></datafield><datafield ind1=" " ind2=" " tag="042"><subfield code="a">msc</subfield></datafield><datafield ind1="0" ind2=" " tag="130"><subfield code="a">Evening mirror (Hillsboro, Tex. : 1896)</subfield></datafield><datafield ind1="1" ind2="4" tag="245"><subfield code="a">The evening mirror.</subfield></datafield><datafield ind1="3" ind2="0" tag="246"><subfield code="a">Hillsboro evening mirror</subfield></datafield><datafield ind1=" " ind2=" " tag="260"><subfield code="a">Hillsboro, Tex. :</subfield><subfield code="b">Thompson G. Campbell</subfield></datafield><datafield ind1=" " ind2=" " tag="300"><subfield code="a">v. :</subfield><subfield code="b">ill. ;</subfield><subfield code="c">58 cm.</subfield></datafield><datafield ind1=" " ind2=" " tag="310"><subfield code="a">Daily (except Sun.),</subfield><subfield code="b">Nov. 1932-</subfield></datafield><datafield ind1=" " ind2=" " tag="321"><subfield code="a">Daily,</subfield><subfield code="b">&lt;1897&gt;-Oct. 1932</subfield></datafield><datafield ind1="1" ind2=" " tag="362"><subfield code="a">Began in 1896?</subfield></datafield><datafield ind1="0" ind2=" " tag="362"><subfield code="a">-v. 63, no. 290 (Mar. 3, 1959).</subfield></datafield><datafield ind1=" " ind2=" " tag="588"><subfield code="a">Description based on: Vol. 3, no. 25 (Apr. 25, 1898).</subfield></datafield><datafield ind1=" " ind2=" " tag="752"><subfield code="a">United States</subfield><subfield code="b">Texas</subfield><subfield code="c">Hill</subfield><subfield code="d">Hillsboro.</subfield></datafield><datafield ind1="0" ind2=" " tag="775"><subfield code="t">Hillsboro mirror</subfield><subfield code="w">(DLC)sn 86089416</subfield></datafield><datafield ind1="0" ind2="0" tag="785"><subfield code="t">Hillsboro daily mirror</subfield><subfield code="w">(DLC)sn 88083339</subfield></datafield><datafield ind1="1" ind2=" " tag="029"><subfield code="a">AU@</subfield><subfield code="b">000025840141</subfield></datafield></record>